%%%%%   STL - Loess   %%%%%
@article{cleveland1990stl,
  title={STL: A Seasonal-Trend Decomposition},
  author={Cleveland, Robert B and Cleveland, William S and McRae, Jean E and Terpenning, Irma},
  journal={Journal of Official Statistics},
  volume={6},
  number={1},
  pages={3--73},
  year={1990}
}

%%%%%% Simulacion Ross  %%%%%%
@article{ross2006simulation,
  title={Simulation},
  author={Ross, Sheldon},
  year={2006},
  publisher={Elsevier}
}

%%%%%%% Metricas para Series de Tiempo %%%%%%%%
@article{caiado2006periodogram,
  title={A periodogram-based metric for time series classification},
  author={Caiado, Jorge and Crato, Nuno and Pe{\~n}a, Daniel},
  journal={Computational Statistics \& Data Analysis},
  volume={50},
  number={10},
  pages={2668--2684},
  year={2006},
  publisher={Elsevier}
}


@article{johnson2004multivariate,
  title={Multivariate analysis},
  author={Johnson, Richard A and Wichern, Dean W},
  journal={Encyclopedia of Statistical Sciences},
  volume={8},
  year={2004},
  publisher={Wiley Online Library}
}

@article{galeano2000multivariate,
  title={Multivariate analysis in vector time series},
  author={Galeano, Pedro and Pe{\~n}a, Daniel Pella},
  journal={Resenhas do Instituto de Matem{\'a}tica e Estat{\'\i}stica da Universidade de S{\~a}o Paulo},
  volume={4},
  number={4},
  pages={383--403},
  year={2000}
}

@article{piccolo1990distance,
  title={A distance measure for classifying ARIMA models},
  author={Piccolo, Domenico},
  journal={Journal of Time Series Analysis},
  volume={11},
  number={2},
  pages={153--164},
  year={1990},
  publisher={Wiley Online Library}
}


@article{diggle1991nonparametric,
  title={Nonparametric comparison of cumulative periodograms},
  author={Diggle, Peter J and Fisher, Nicholas I},
  journal={Applied Statistics},
  pages={423--434},
  year={1991},
  publisher={JSTOR}
}

@article{diggle1997spectral,
  title={Spectral analysis of replicated biomedical time series},
  author={Diggle, Peter J and Al Wasel, Ibrahim},
  journal={Journal of the Royal Statistical Society: Series C (Applied Statistics)},
  volume={46},
  number={1},
  pages={31--71},
  year={1997},
  publisher={Wiley Online Library}
}

@article{maharaj2000cluster,
  title={Cluster of time series},
  author={Maharaj, Elizabeth Ann},
  journal={Journal of Classification},
  volume={17},
  number={2},
  pages={297--314},
  year={2000},
  publisher={Springer}
}


%%%%%%%%%   CLUSTERING  %%%%%%%%%%%

% PAM
@article{rousseeuw1990finding,
  title={Finding groups in data},
  author={Rousseeuw, Peter J and Kaufman, L},
  journal={Series in Probability \& Mathematical Statistics 1990-34 (1)},
  pages={111--112},
  year={1990}
}








%%%%%%%%%%%%%%%%%%%%%%%
@BOOK{Chung1990,
  title = {{Introduction to Stochastic Integrtion}},
  publisher = {Birkhäuser},
  year = {1990},
  author = {Chung, K. and Williams, R.},
  address = {New York}
}
%%%%%%%%%%%%%%%%%%%%%%%
@Book{Chaos1996,
  title =	 {CHAOS: An Introduction to Dynamical Systems},
  publisher = {Springer-Verlag New York},
  year = 	 {1996},
  author =	 {Alligood, K. and Sauer, T. and Yorke, J.},
  address = {New York}
}
%%%%%%%%%%%%%%%%%%%%%%%
@Book{Lakshmanan2003,
  title =	 {Nonlinear Dynamics},
  publisher = {Springer-Verlag Berlin Heidelberg},
  year = 	 {2003},
  author =	 {Lakshmanan, M. and Rajasekar, S.},
  address = {Berlin}
}




@article{liao2005clustering,
  title={Clustering of time series data survey},
  author={Liao, T Warren},
  journal={Pattern recognition},
  volume={38},
  number={11},
  pages={1857--1874},
  year={2005},
  publisher={Elsevier}
}

@article{fu2011review,
  title={A review on time series data mining},
  author={Fu, Tak-chung},
  journal={Engineering Applications of Artificial Intelligence},
  volume={24},
  number={1},
  pages={164--181},
  year={2011},
  publisher={Elsevier}
}
 
@inproceedings{struzik1999haar,
  title={The Haar wavelet transform in the time series similarity paradigm},
  author={Struzik, Zbigniew R and Siebes, Arno},
  booktitle={European Conference on Principles of Data Mining and Knowledge Discovery},
  pages={12--22},
  year={1999},
  organization={Springer}
}



@article{chouakria2007adaptive,
  title={Adaptive dissimilarity index for measuring time series proximity},
  author={Chouakria, Ahlame Douzal and Nagabhushan, Panduranga Naidu},
  journal={Advances in Data Analysis and Classification},
  volume={1},
  number={1},
  pages={5--21},
  year={2007},
  publisher={Springer}
}

@incollection{kaufman1986clustering,
  title={Clustering large data sets},
  author={Kaufman, Leonard and Rousseeuw, Peter J},
  booktitle={Pattern Recognition in Practice, Volume II},
  pages={425--437},
  year={1986},
  publisher={Elsevier}
}

@article{kerr2001bootstrapping,
  title={Bootstrapping cluster analysis: assessing the reliability of conclusions from microarray experiments},
  author={Kerr, M Kathleen and Churchill, Gary A},
  journal={Proceedings of the National Academy of Sciences},
  volume={98},
  number={16},
  pages={8961--8965},
  year={2001},
  publisher={National Acad Sciences}
}

@article{yeung2001validating,
  title={Validating clustering for gene expression data},
  author={Yeung, Ka Yee and Haynor, David R. and Ruzzo, Walter L.},
  journal={Bioinformatics},
  volume={17},
  number={4},
  pages={309--318},
  year={2001},
  publisher={Oxford University Press}
}

@article{datta2003comparisons,
  title={Comparisons and validation of statistical clustering techniques for microarray gene expression data},
  author={Datta, Susmita and Datta, Somnath},
  journal={Bioinformatics},
  volume={19},
  number={4},
  pages={459--466},
  year={2003},
  publisher={Oxford University Press}
}

@article{duda2001pattern,
  title={Pattern classification},
  author={Duda, Richard O and Hart, Peter E and Stork, David G and others},
  journal={International Journal of Computational Intelligence and Applications},
  volume={1},
  pages={335--339},
  year={2001},
  publisher={IMPERIAL COLLEGE PRESS}
}

@inproceedings{salvador2004determining,
  title={Determining the number of clusters/segments in hierarchical clustering/segmentation algorithms},
  author={Salvador, Stan and Chan, Philip},
  booktitle={Tools with Artificial Intelligence, 2004. ICTAI 2004. 16th IEEE International Conference on},
  pages={576--584},
  year={2004},
  organization={IEEE}
}

@article{tibshirani2001estimating,
  title={Estimating the number of clusters in a data set via the gap statistic},
  author={Tibshirani, Robert and Walther, Guenther and Hastie, Trevor},
  journal={Journal of the Royal Statistical Society: Series B (Statistical Methodology)},
  volume={63},
  number={2},
  pages={411--423},
  year={2001},
  publisher={Wiley Online Library}
}

@article{tibshirani2005cluster,
  title={Cluster validation by prediction strength},
  author={Tibshirani, Robert and Walther, Guenther},
  journal={Journal of Computational and Graphical Statistics},
  volume={14},
  number={3},
  pages={511--528},
  year={2005},
  publisher={Taylor \& Francis}
}

@article{fraley1998many,
  title={How many clusters? Which clustering method? Answers via model-based cluster analysis},
  author={Fraley, Chris and Raftery, Adrian E},
  journal={The computer journal},
  volume={41},
  number={8},
  pages={578--588},
  year={1998},
  publisher={OUP}
}

@book{box2015time,
  title={Time series analysis: forecasting and control},
  author={Box, George EP and Jenkins, Gwilym M and Reinsel, Gregory C and Ljung, Greta M},
  year={2015},
  publisher={John Wiley \& Sons}
}



%%%%%%%%%%%%%% R Paquetes  %%%%%%%%%%%%%%%%%%%

@manual{shiny, 
  title={Easy web applications in R.}, 
  author={{RStudio, Inc}}, 
  year={2013}, 
  note={URL: \url{http://www.rstudio.com/shiny/}} 
} 


